<?xml version="1.0" encoding="UTF-8" ?>
<record Numero="13911580" format="InterXMarc_Complet" type="Authority">
<leader>01523c0 au22000272  45  <Pos Code="0004">01523</Pos>
<Pos Code="05" Sens="notice modifiée">c</Pos>
<Pos Code="06" Sens="notice validée par les services d&apos;autorité">0</Pos>
<Pos Code="08" Sens="notice d&apos;autorité">a</Pos>
<Pos Code="09" Sens="titre uniforme musical (TUM)">u</Pos>
<Pos Code="10">2</Pos>
<Pos Code="11">2</Pos>
<Pos Code="1216">00027</Pos>
<Pos Code="17" Sens="autres cas">2</Pos>
<Pos Code="20">4</Pos>
<Pos Code="21">5</Pos>
</leader>
<controlfield tag="001">FRBNF139115808<Pos Code="0001">FR</Pos>
<Pos Code="0204">BNF</Pos>
<Pos Code="0512">13911580</Pos>
<Pos Code="13">8</Pos>
</controlfield>
<controlfield tag="008">890821140403yyita opu       184209    184211                 010 <Pos Code="0001">89</Pos>
<Pos Code="0203">08</Pos>
<Pos Code="0405">21</Pos>
<Pos Code="0607">14</Pos>
<Pos Code="0809">04</Pos>
<Pos Code="1011">03</Pos>
<Pos Code="1213" Sens="ne s&apos;applique pas">yy</Pos>
<Pos Code="1416" Sens="italien">ita</Pos>
<Pos Code="1820" Sens="opera buffa [azione comica => opera buffa, comic opera => opera buffa, dramma giocoso => opera buffa, opéra comique italien => opera buffa, opéra héroï-comique => opera buffa, opéra-bouffon => opera buffa]">opu</Pos>
<Pos Code="2831">1842</Pos>
<Pos Code="3233">09</Pos>
<Pos Code="3841">1842</Pos>
<Pos Code="4243">11</Pos>
<Pos Code="61" Sens="La vedette peut être liée à une notice bibliographique pour les accès signalétiques et/ou pour l&apos;accès matière RAMEAU">0</Pos>
<Pos Code="62" Sens="La vedette ne peut s&apos;employer qu&apos;en tête de vedette">1</Pos>
<Pos Code="63" Sens="La vedette n&apos;admet pas de subdivision géographique">0</Pos>
</controlfield>
<datafield tag="048" ind1=" " ind2=" ">
	<subfield code="b">va01<Pos Code="0001" Sens="voix - soprano">va</Pos>
<Pos Code="02">0</Pos>
<Pos Code="03">1</Pos>
</subfield>
	<subfield code="b">vd01<Pos Code="0001" Sens="voix - ténor">vd</Pos>
<Pos Code="02">0</Pos>
<Pos Code="03">1</Pos>
</subfield>
	<subfield code="b">ve01<Pos Code="0001" Sens="voix - baryton">ve</Pos>
<Pos Code="02">0</Pos>
<Pos Code="03">1</Pos>
</subfield>
	<subfield code="b">vf02<Pos Code="0001" Sens="voix - basse">vf</Pos>
<Pos Code="02">0</Pos>
<Pos Code="03">2</Pos>
</subfield>
	<subfield code="a">ca01<Pos Code="0001" Sens="choeurs - mixte (4 voix SATB)">ca</Pos>
<Pos Code="02">0</Pos>
<Pos Code="03">1</Pos>
</subfield>
	<subfield code="a">oa01<Pos Code="0001" Sens="orchestre - orchestre symphonique XIXe-XXe s.">oa</Pos>
<Pos Code="02">0</Pos>
<Pos Code="03">1</Pos>
</subfield>
</datafield>
<datafield tag="100" ind1=" " ind2=" ">
	<subfield code="3">13893362</subfield>
	<subfield code="w">.0..b.....</subfield>
	<subfield code="a">Donizetti</subfield>
	<subfield code="m">Gaetano</subfield>
	<subfield code="d">1797-1848</subfield>
</datafield>
<datafield tag="144" ind1="1" ind2=" ">
	<subfield code="w">....b.ita.</subfield>
	<subfield code="a">Don Pasquale</subfield>
</datafield>
<datafield tag="302" ind1=" " ind2=" ">
	<subfield code="3">14018590</subfield>
	<subfield code="a">Donizetti</subfield>
	<subfield code="m">Gaetano</subfield>
	<subfield code="d">1797-1848</subfield>
	<subfield code="t">[Don Pasquale. Ouverture]</subfield>
</datafield>
<datafield tag="302" ind1=" " ind2=" ">
	<subfield code="3">14804560</subfield>
	<subfield code="a">Donizetti</subfield>
	<subfield code="m">Gaetano</subfield>
	<subfield code="d">1797-1848</subfield>
	<subfield code="t">[Don Pasquale. Atto 3. Che interminabile andirivieni !]</subfield>
</datafield>
<datafield tag="302" ind1=" " ind2=" ">
	<subfield code="3">14812081</subfield>
	<subfield code="a">Donizetti</subfield>
	<subfield code="m">Gaetano</subfield>
	<subfield code="d">1797-1848</subfield>
	<subfield code="t">[Don Pasquale. Atto 3. Tornami a dir che m&apos;ami]</subfield>
</datafield>
<datafield tag="320" ind1=" " ind2=" ">
	<subfield code="3">14436696</subfield>
	<subfield code="9">145</subfield>
	<subfield code="a">Ruffini</subfield>
	<subfield code="m">Giovanni</subfield>
	<subfield code="d">1807-1881</subfield>
	<subfield code="t">Don Pasquale</subfield>
</datafield>
<datafield tag="322" ind1="6" ind2=" ">
	<subfield code="3">13531926</subfield>
	<subfield code="9">100</subfield>
	<subfield code="w">.0..b.....</subfield>
	<subfield code="a">Ruffini</subfield>
	<subfield code="m">Giovanni</subfield>
	<subfield code="d">1807-1881</subfield>
</datafield>
<datafield tag="600" ind1=" " ind2=" ">
	<subfield code="a">Dramma buffo en 3 actes</subfield>
	<subfield code="a">Livret du compositeur et de Giovanni Ruffini d&apos;après le livret d&apos;Angelo Anelli pour l&apos;opéra de Stefano Pavesi &quot;Ser Marcantonio&quot; (1810)</subfield>
	<subfield code="a">Dates de composition : septembre-novembre 1842</subfield>
	<subfield code="a">1re représentation : Paris, Théâtre-Italien, 3 janvier 1843</subfield>
	<subfield code="a">1re représentation en Italie : Milan, La Scala, 17 avril 1843</subfield>
	<subfield code="a">1re représentation en français : Bruxelles, Théâtre de la Monnaie, 4 août 1843</subfield>
	<subfield code="a">1re représentation à l&apos;Opéra de Paris (1er acte seul) : 5 février 1916</subfield>
</datafield>
<datafield tag="608" ind1=" " ind2=" ">
	<subfield code="b">Norina (soprano)</subfield>
	<subfield code="b">Ernesto (ténor)</subfield>
	<subfield code="b">Malatesta (baryton)</subfield>
	<subfield code="b">Don Pasquale, le Notaire (basses)</subfield>
</datafield>
<datafield tag="610" ind1=" " ind2=" ">
	<subfield code="a">Grove opera</subfield>
	<subfield code="u">http://www.oxfordmusiconline.com</subfield>
	<subfield code="d">2014-04-03</subfield>
	<subfield code="a">Dictionnaire des oeuvres de l&apos;art vocal</subfield>
	<subfield code="a">Loewenberg</subfield>
</datafield>
<datafield tag="624" ind1=" " ind2=" ">
	<subfield code="a">780<Pos Code="0002" Sens="Musique">780</Pos>
</subfield>
</datafield>
<datafield tag="907" ind1=" " ind2=" ">
	<subfield code="o">GEA</subfield>
	<subfield code="a">005669746</subfield>
</datafield>
<datafield tag="917" ind1=" " ind2=" ">
	<subfield code="o">OPL</subfield>
	<subfield code="a">010615547</subfield>
</datafield>
<datafield tag="917" ind1=" " ind2=" ">
	<subfield code="o">OPC</subfield>
	<subfield code="a">100403890</subfield>
</datafield>
<datafield tag="917" ind1=" " ind2=" ">
	<subfield code="o">OPD</subfield>
	<subfield code="a">100381910</subfield>
	<subfield code="b">ATUM</subfield>
</datafield>
<datafield tag="996" ind1=" " ind2=" ">
	<subfield code="o">OPP</subfield>
	<subfield code="a">14748592</subfield>
	<subfield code="d">20090330</subfield>
</datafield>
<datafield tag="996" ind1=" " ind2=" ">
	<subfield code="o">OPP</subfield>
	<subfield code="a">16302967</subfield>
	<subfield code="d">20131211</subfield>
</datafield>
<Alter Ori="13893362">
<datafield tag="400" ind1=" " ind2=" ">
	<subfield code="w">....b.....</subfield>
	<subfield code="a">Donizetti</subfield>
	<subfield code="m">Gaétan</subfield>
	<subfield code="d">1797-1848</subfield>
</datafield>
<datafield tag="031" ind1=" " ind2=" ">
	<subfield code="a">0000000121023795</subfield>
	<subfield code="2" Sens="ISNI chargé à partir de VIAF">VIAF</subfield>
	<subfield code="d">20130731<Pos Code="0003">2013</Pos>
<Pos Code="0407" Sens="31 juillet">0731</Pos>
</subfield>
</datafield>
</Alter>
<Attr Nom="IDPerenne">ark:/12148/cb13911580f</Attr>
<Attr Nom="NumSource">GEA 005669746</Attr>
<Attr Nom="Source" Sens="BnF catalogue général (depuis 1999)">A</Attr>
<Attr Nom="NumAutoriteLiee">138933621401859014804560148120811443669613531926</Attr>
<Attr Nom="DateCreation">21/08/ 1989</Attr>
<Attr Nom="ResponsableCreation">MIGV2</Attr>
<Attr Nom="StructCreation">1</Attr>
<Attr Nom="DateDerniereValidation">03/04/ 2014</Attr>
<Attr Nom="ResponsableDerniereValidation">PUYRENIER FREDERIC</Attr>
<Attr Nom="StructPremiereValidation">1</Attr>
<Attr Nom="DatePremiereValidation">21/08/ 1989</Attr>
<Attr Nom="ResponsablePremiereValidation">MIGV2</Attr>
<Attr Nom="StructDerniereValidation">82</Attr>
<Attr Nom="NumSource" Rep="1">OPL 010615547</Attr>
<Attr Nom="NumSource" Rep="2">OPC 100403890</Attr>
<Attr Nom="NumSource" Rep="3">OPD 100381910</Attr>
<Attr Nom="NumSource" Rep="4">OPP 14748592</Attr>
<Attr Nom="NumSource" Rep="5">OPP 16302967</Attr>
</record>
